@article{ref1,
author = {Sell, Raivo and Rass√µlkin, Anton and Wang, Ruxin and Otto, Tauno},
year = {2019},
month = {12},
pages = {389-394},
title = {Integration of autonomous vehicles and Industry 4.0},
volume = {68},
journal = {Proceedings of the Estonian Academy of Sciences},
doi = {10.3176/proc.2019.4.07}
}