@online{austin2023,
  author       = {Austin, K.},
  title        = {How Toyota is rethinking its supply chain for a post-pandemic world},
  year         = {2023},
  url          = {https://www.supplychaindive.com/news/toyota-rethinks-supply-chain-for-post-pandemic-world/650558/},
  note         = {Accessed: December 7, 2024}
}

@online{dfreight,
  author       = {Dfreight},
  title        = {An insight into Toyota supply chain strategy},
  year         = {2023},
  url          = {https://dfreight.org/blog/an-insight-into-toyota-supply-chain-strategy/#Muda_Muri_Mura},
  note         = {Accessed: December 7, 2024}
}

@online{everythingsupplychain,
  author       = {EverythingSupplyChain.com},
  title        = {Guide to the Toyota supply chain},
  year         = {2024},
  url          = {https://www.everythingsupplychain.com/guide-to-the-toyota-supply-chain/},
  note         = {Accessed: December 7, 2024}
}

@misc{Shih_2022, title={What really makes Toyotaâ€™s Production System Resilient}, url={https://hbr.org/2022/11/what-really-makes-toyotas-production-system-resilient}, journal={Harvard Business Review}, author={Shih, Willy C.}, year={2022}, month={Nov}} 

@misc{toyota_2021,
  author = {Toyota Industries Corporation},
  title = {Tico to Increase Global Investments in Autonomous Vehicle Software},
  year = {2021},
  month = {Apr},
  url = {https://www.toyota-industries.com/news/release/2021/04/20/002860/index.html},
  journal = {TICO to Increase Global Investments in Autonomous Vehicle Software | Toyota Industries Corporation},
  publisher = {Toyota Industries Corporation},
}

@misc{toyota_production_system,
  author = {Toyota Motor Corporation},
  title = {Toyota Production System: Vision \& Philosophy: Company},
  year = {n.d.},
  url = {https://global.toyota/en/company/vision-and-philosophy/production-system/},
  journal = {Toyota Motor Corporation Official Global Website},
}

@misc{Clifford_2021,
  author = {Clifford, Joe},
  title = {Toyota Production System - What It All Means},
  year = {2021},
  month = {Jun},
  url = {https://mag.toyota.co.uk/toyota-production-system-glossary/},
  journal = {Toyota UK Magazine},
}
