@unknown{refpaper,
author = {Hsieh, Weiche and Bi, Ziqian and Jiang, Chuanqi and Liu, Junyu and Peng, Benji and Zhang, Sen and Pan, Xuanhe and Xu, Jiawei and Wang, Jinlang and Chen, Keyu and Yin, Caitlyn and Feng, Pohsun and Wen, Yizhu and Song, Xinyuan and Wang, Tianyang and Yang, Junjie and Li, Ming and Jing, Bowen and Ren, Jintao and Liu, Ming},
year = {2024},
month = {12},
pages = {},
title = {A Comprehensive Guide to Explainable AI: From Classical Models to LLMs},
doi = {10.48550/arXiv.2412.00800}
}